<?xml version="1.0" encoding="utf-8"?>
<record xmlns="http://www.loc.gov/MARC21/slim" xmlns:xsi="http://www.w3.org/2001/XMLSchema-instance" xsi:schemaLocation="http://www.loc.gov/MARC21/slim http://www.loc.gov/standards/marcxml/schema/MARC21slim.xsd">
	<leader>     nam a22        4500</leader>
	<controlfield tag="001">657229</controlfield>
	<controlfield tag="003">NNC</controlfield>
	<controlfield tag="006">m        d        </controlfield>
	<controlfield tag="007">cr cn |||m|||a</controlfield>
	<controlfield tag="008">170829m19771978ir      ob    000 0 arar </controlfield>
	<datafield ind1=" " ind2=" " tag="040">
		<subfield code="a">NNU</subfield>
		<subfield code="b">eng</subfield>
		<subfield code="e">rda</subfield>
		<subfield code="c">NNU</subfield>
	</datafield>
	<datafield ind1="0" ind2="0" tag="050">
		<subfield code="a">BP193.25</subfield>
		<subfield code="b">.H87 1977</subfield>
	</datafield>
	<datafield ind1="1" ind2=" " tag="100">
		<subfield code="6">880-01</subfield>
		<subfield code="a">Ḥurr al-ʻĀmilī, Muḥammad ibn al-Ḥasan,</subfield>
		<subfield code="d">1624-1693.</subfield>
	</datafield>
	<datafield ind1="1" ind2="0" tag="245">
		<subfield code="6">880-02</subfield>
		<subfield code="a">Wasāʼil al-Shīʻah ilá taḥṣīl masāʼil al-sharīʻah /</subfield>
		<subfield code="c">taʼlīf Muḥammad ibn al-Ḥasan al-Ḥurr al-ʻĀmilī ; ʻuniya bi-taṣḥīḥihi wa-taḥqīqihi wa-tadhyīlihi ʻAbd al-Raḥmān al-Rabbānī al-Shīrāzī.</subfield>
	</datafield>
	<datafield ind1=" " ind2=" " tag="250">
		<subfield code="6">880-03</subfield>
		<subfield code="a">al-Ṭabʻah 5.</subfield>
	</datafield>
	<datafield ind1=" " ind2=" " tag="260">
		<subfield code="6">880-04</subfield>
		<subfield code="a">Tihrān :</subfield>
		<subfield code="b">Maktabah al-Islāmīyah,</subfield>
		<subfield code="c">1398 [1977 or 1978]</subfield>
	</datafield>
	<datafield ind1=" " ind2=" " tag="300">
		<subfield code="a">online resource (20 volumes)</subfield>
	</datafield>
	<datafield ind1=" " ind2=" " tag="336">
		<subfield code="a">text</subfield>
		<subfield code="2">rdacontent</subfield>
	</datafield>
	<datafield ind1=" " ind2=" " tag="337">
		<subfield code="a">computer</subfield>
		<subfield code="2">rdamedia</subfield>
	</datafield>
	<datafield ind1=" " ind2=" " tag="338">
		<subfield code="a">online resource</subfield>
		<subfield code="2">rdacarrier</subfield>
	</datafield>
	<datafield ind1=" " ind2=" " tag="500">
		<subfield code="a">Vol. 20 edited by: Muḥammad al-Rāzī.</subfield>
	</datafield>
	<datafield ind1=" " ind2=" " tag="500">
		<subfield code="a">Part of the Arabic Collections Online (ACO) project, contributed by Columbia University Libraries.</subfield>
	</datafield>
	<datafield ind1=" " ind2=" " tag="504">
		<subfield code="a">Includes bibliographical references.</subfield>
	</datafield>
	<datafield ind1=" " ind2=" " tag="533">
		<subfield code="a">Electronic reproduction.</subfield>
		<subfield code="b">New York, N.Y. :</subfield>
		<subfield code="c">New York University,</subfield>
		<subfield code="d">2017.</subfield>
		<subfield code="5">NNU</subfield>
	</datafield>
	<datafield ind1=" " ind2="0" tag="650">
		<subfield code="a">Hadith (Shiites)</subfield>
		<subfield code="x">Texts.</subfield>
	</datafield>
	<datafield ind1=" " ind2="7" tag="650">
		<subfield code="a">Hadith (Shiites)</subfield>
		<subfield code="2">fast</subfield>
		<subfield code="0">(OCoLC)fst00950138</subfield>
	</datafield>
	<datafield ind1=" " ind2="7" tag="655">
		<subfield code="a">Texts.</subfield>
		<subfield code="2">fast</subfield>
		<subfield code="0">(OCoLC)fst01423705</subfield>
	</datafield>
	<datafield ind1="1" ind2=" " tag="700">
		<subfield code="6">880-05</subfield>
		<subfield code="a">Rabbānī, ʻAbd al-Raḥmān.</subfield>
	</datafield>
	<datafield ind1="1" ind2=" " tag="700">
		<subfield code="6">880-06</subfield>
		<subfield code="a">Rāzī, Muḥammad,</subfield>
		<subfield code="d">1922-</subfield>
	</datafield>
	<datafield ind1="2" ind2=" " tag="710">
		<subfield code="a">Columbia University.</subfield>
		<subfield code="b">Libraries.</subfield>
	</datafield>
	<datafield ind1="0" ind2=" " tag="730">
		<subfield code="a">Arabic Collections Online.</subfield>
	</datafield>
	<datafield ind1="0" ind2="8" tag="776">
		<subfield code="i">Online version:</subfield>
		<subfield code="a">Ḥurr al-ʻĀmilī, Muḥammad ibn al-Ḥasan, 1624-1693.</subfield>
		<subfield code="t">Wasāʼil al-Shīʻah ilá taḥṣīl masāʼil al-sharīʻah.</subfield>
		<subfield code="b">al-Ṭabʻah 5.</subfield>
		<subfield code="d">Tihrān : Maktabah al-Islāmīyah, 1398 [1977 or 1978]</subfield>
		<subfield code="w">(OCoLC)595980212</subfield>
	</datafield>
	<datafield ind1="0" ind2="8" tag="776">
		<subfield code="i">Online version:</subfield>
		<subfield code="a">Ḥurr al-ʻĀmilī, Muḥammad ibn al-Ḥasan, 1624-1693.</subfield>
		<subfield code="t">Wasāʼil al-Shīʻah ilá taḥṣīl masāʼil al-sharīʻah.</subfield>
		<subfield code="b">al-Ṭabʻah 5.</subfield>
		<subfield code="d">Tihrān : Maktabah al-Islāmīyah, 1398 [1977 or 1978]</subfield>
		<subfield code="w">(OCoLC)621025079</subfield>
	</datafield>
	<datafield ind1="0" ind2="8" tag="776">
		<subfield code="i">Print version:</subfield>
		<subfield code="a">Ḥurr al-ʻĀmilī, Muḥammad ibn al-Ḥasan, 1624-1693.</subfield>
		<subfield code="t">Wasāʼil al-Shīʻah ilá taḥṣīl masāʼil al-sharīʻah</subfield>
		<subfield code="w">(NNC)657229</subfield>
		<subfield code="w">(DLC)   84931208 </subfield>
		<subfield code="w">(OCoLC)13125259</subfield>
	</datafield>
	<datafield ind1="4" ind2="0" tag="856">
		<subfield code="u">http://hdl.handle.net/2333.1/rn8pk5jg</subfield>
	</datafield>
	<datafield ind1="1" ind2=" " tag="880">
		<subfield code="6">100-01/r</subfield>
		<subfield code="a">حر العاملي، محمد بن الحسن،</subfield>
		<subfield code="d">1624-1693. </subfield>
	</datafield>
	<datafield ind1="1" ind2="0" tag="880">
		<subfield code="6">245-02/r</subfield>
		<subfield code="a">وسائل الشيعة إلى تحصيل مسائل الشريعة /</subfield>
		<subfield code="c">تأليف محمد بن الحسن الحر العاملي؛ عنى بتصحيحه و تحقيقه و تذييله عبد الرحيم الرباني الشيرازي.</subfield>
	</datafield>
	<datafield ind1=" " ind2=" " tag="880">
		<subfield code="6">250-03/r</subfield>
		<subfield code="a">الطبعة 5.</subfield>
	</datafield>
	<datafield ind1=" " ind2=" " tag="880">
		<subfield code="6">260-04/r</subfield>
		<subfield code="a">طهران :</subfield>
		<subfield code="b">مكتبة الاسلامية،</subfield>
		<subfield code="c">1398 [1977 or 1978]</subfield>
	</datafield>
	<datafield ind1="1" ind2=" " tag="880">
		<subfield code="6">700-05/r</subfield>
		<subfield code="a">رباني، عبد الرحيم.</subfield>
	</datafield>
	<datafield ind1="1" ind2=" " tag="880">
		<subfield code="6">700-06/r</subfield>
		<subfield code="a">رازى، محمد،</subfield>
		<subfield code="d">1922-</subfield>
	</datafield>
	<datafield ind1=" " ind2=" " tag="959">
		<subfield code="a">NNU</subfield>
		<subfield code="b">WEB</subfield>
		<subfield code="c">GENI</subfield>
		<subfield code="t">0</subfield>
		<subfield code="m">Electronic access</subfield>
		<subfield code="s">01</subfield>
	</datafield>
	<datafield ind1=" " ind2=" " tag="999">
		<subfield code="i">NNC_657229</subfield>
		<subfield code="o">(OCoLC)ocm13125259</subfield>
		<subfield code="s">columbia_aco002423:v.1</subfield>
		<subfield code="s">columbia_aco002422:v.2</subfield>
		<subfield code="s">columbia_aco002421:v.3</subfield>
		<subfield code="s">columbia_aco002420:v.4</subfield>
		<subfield code="s">columbia_aco002429:v.5</subfield>
		<subfield code="s">columbia_aco002428:v.6</subfield>
		<subfield code="s">columbia_aco002427:v.7</subfield>
		<subfield code="s">columbia_aco002426:v.8</subfield>
		<subfield code="s">columbia_aco002425:v.9</subfield>
		<subfield code="s">columbia_aco002424:v.10</subfield>
		<subfield code="s">columbia_aco002433:v.11</subfield>
		<subfield code="s">columbia_aco002432:v.12</subfield>
		<subfield code="s">columbia_aco002431:v.13</subfield>
		<subfield code="s">columbia_aco002430:v.14</subfield>
		<subfield code="s">columbia_aco002434:v.15</subfield>
		<subfield code="e">(ERROR-880)</subfield>
		<subfield code="s">columbia_aco002423:v.1</subfield>
		<subfield code="s">columbia_aco002422:v.2</subfield>
		<subfield code="s">columbia_aco002421:v.3</subfield>
		<subfield code="s">columbia_aco002420:v.4</subfield>
		<subfield code="s">columbia_aco002429:v.5</subfield>
		<subfield code="s">columbia_aco002428:v.6</subfield>
		<subfield code="s">columbia_aco002427:v.7</subfield>
		<subfield code="s">columbia_aco002426:v.8</subfield>
		<subfield code="s">columbia_aco002425:v.9</subfield>
		<subfield code="s">columbia_aco002424:v.10</subfield>
		<subfield code="s">columbia_aco002433:v.11</subfield>
		<subfield code="s">columbia_aco002432:v.12</subfield>
		<subfield code="s">columbia_aco002431:v.13</subfield>
		<subfield code="s">columbia_aco002430:v.14</subfield>
		<subfield code="s">columbia_aco002434:v.15</subfield>
	</datafield>
</record>
